<collection xmlns="http://www.loc.gov/MARC21/slim"><record><leader>00764nam  2200229   450</leader><controlfield tag="001">698</controlfield><controlfield tag="003">http://montalegre.opacnet.com/OPAC/default.aspx?ContentAreaControl=ShowRegHoldings.ascx&amp;RegNo=16662</controlfield><datafield tag="095" ind1=" " ind2=" "><subfield code="a">PTBN00031696</subfield></datafield><datafield tag="100" ind1=" " ind2=" "><subfield code="a">19870310d1986    a  y0pory010305  ba</subfield></datafield><datafield tag="101" ind1="0" ind2=" "><subfield code="a">por</subfield></datafield><datafield tag="102" ind1=" " ind2=" "><subfield code="a">PT</subfield></datafield><datafield tag="200" ind1="1" ind2=" "><subfield code="a">Para sonhar com borboletas azuis</subfield><subfield code="e">histórias poéticas para crianças</subfield><subfield code="f">José Vaz</subfield><subfield code="g">il. Luísa Brandäo</subfield></datafield><datafield tag="210" ind1=" " ind2=" "><subfield code="a">Porto</subfield><subfield code="c">Afrontamento</subfield><subfield code="d">cop. 1986</subfield></datafield><datafield tag="215" ind1=" " ind2=" "><subfield code="a">76 p.</subfield><subfield code="c">il.</subfield><subfield code="d">23 cm</subfield></datafield><datafield tag="225" ind1="2" ind2=" "><subfield code="a">Tretas e letras</subfield><subfield code="v">17</subfield></datafield><datafield tag="675" ind1=" " ind2=" "><subfield code="a">087.5</subfield><subfield code="v">bn</subfield><subfield code="z">por</subfield></datafield><datafield tag="675" ind1=" " ind2=" "><subfield code="z">por</subfield></datafield><datafield tag="700" ind1=" " ind2="1"><subfield code="a">Vaz</subfield><subfield code="b">José</subfield><subfield code="f">1940-</subfield></datafield><datafield tag="702" ind1=" " ind2="1"><subfield code="a">Brandão</subfield><subfield code="b">Luísa</subfield><subfield code="4">440</subfield></datafield><datafield tag="801" ind1=" " ind2="0"><subfield code="a">PT</subfield><subfield code="b">Biblioteca Municipal de Montalegre</subfield><subfield code="g">RPC</subfield></datafield><datafield tag="856" ind1=" " ind2=" "><subfield code="u">locateMedia.asp?cod=20060525154610&amp;ext=jpg</subfield><subfield code="z">CAPA</subfield></datafield><datafield tag="909" ind1="&#9;" ind2=" "><subfield code="a">2</subfield></datafield><datafield tag="966" ind1=" " ind2=" "><subfield code="a">0002084</subfield><subfield code="l">BMM</subfield><subfield code="s">SI 82-1 VAZ par 17</subfield></datafield><datafield tag="966" ind1=" " ind2=" "><subfield code="a">0002085</subfield><subfield code="l">BMM</subfield><subfield code="s">SI 82-1 VAZ par 17</subfield></datafield></record></collection>